<record><leader>00000cas a22000007a 4500</leader><controlfield tag="001">15700952</controlfield><controlfield tag="008">870518d190u19uuinudn ne      0    0eng d</controlfield><datafield ind1=" " ind2=" " tag="010"><subfield code="a">sn 87056225 </subfield></datafield><datafield ind1=" " ind2=" " tag="040"><subfield code="a">NPI</subfield><subfield code="b">eng</subfield><subfield code="c">NPI</subfield><subfield code="d">OCL</subfield><subfield code="d">OCLCQ</subfield></datafield><datafield ind1=" " ind2=" " tag="042"><subfield code="a">msc</subfield></datafield><datafield ind1="0" ind2=" " tag="130"><subfield code="a">Daily courier (Auburn, Ind. : 1906)</subfield></datafield><datafield ind1="1" ind2="4" tag="245"><subfield code="a">The daily courier.</subfield></datafield><datafield ind1=" " ind2=" " tag="260"><subfield code="a">Auburn, DeKalb County, Ind. :</subfield><subfield code="b">Courier Co.</subfield></datafield><datafield ind1=" " ind2=" " tag="310"><subfield code="a">Daily (except Sun.)</subfield></datafield><datafield ind1=" " ind2=" " tag="580"><subfield code="a">Also published in a weekly ed. called: Auburn weekly courier.</subfield></datafield><datafield ind1=" " ind2=" " tag="588"><subfield code="a">Description based on: Vol. 10, no. 714 (July 10, 1906).</subfield></datafield><datafield ind1=" " ind2=" " tag="752"><subfield code="a">United States</subfield><subfield code="b">Indiana</subfield><subfield code="c">De Kalb</subfield><subfield code="d">Auburn.</subfield></datafield><datafield ind1="1" ind2=" " tag="775"><subfield code="t">Auburn weekly courier</subfield><subfield code="w">(DLC)sn 87056204</subfield></datafield><datafield ind1="0" ind2="0" tag="780"><subfield code="t">Auburn evening courier</subfield><subfield code="w">(DLC)sn 87056224</subfield></datafield><datafield ind1="0" ind2="0" tag="785"><subfield code="t">Auburn daily courier</subfield><subfield code="w">(DLC)sn 87056201</subfield></datafield></record>